<?xml version="1.0" encoding="UTF-8"?><collection xmlns="http://www.loc.gov/MARC21/slim"><record><leader>00583nam--2200205-i-4500</leader><controlfield tag="001">000001891</controlfield><controlfield tag="002">20161230</controlfield><controlfield tag="005">20161230201024</controlfield><controlfield tag="008">060222s1000------------r-----000-0-fre-d</controlfield><datafield ind1=" " ind2=" " tag="040"><subfield code="a">IFIN-HH</subfield></datafield><datafield ind1=" " ind2=" " tag="041"><subfield code="a">fre</subfield></datafield><datafield ind1=" " ind2=" " tag="080"><subfield code="a">519.283:658.15</subfield></datafield><datafield ind1="1" ind2=" " tag="100"><subfield code="a">Dorfman, R</subfield></datafield><datafield ind1="1" ind2="0" tag="245"><subfield code="a">Programmation lineaire et gestion economique</subfield><subfield code="c">R. dorfman, paul a. samuelson, robert m. solow</subfield></datafield><datafield ind1=" " ind2=" " tag="260"><subfield code="a">Paris</subfield><subfield code="b">Dunod</subfield><subfield code="c">1962</subfield></datafield><datafield ind1=" " ind2=" " tag="300"><subfield code="a">VIII + 550 P</subfield></datafield><datafield ind1=" " ind2=" " tag="490"><subfield code="a">Organisation Et Gestion Scientifique</subfield><subfield code="v">Volume 7</subfield></datafield><datafield ind1="1" ind2=" " tag="700"><subfield code="a">Solow, R.M</subfield></datafield><datafield ind1=" " ind2=" " tag="852"><subfield code="a">20839</subfield><subfield code="c">519.283</subfield></datafield><datafield ind1=" " ind2=" " tag="CAT"><subfield code="a">Sys</subfield><subfield code="c">20130807</subfield><subfield code="h">101810</subfield></datafield></record></collection>